@misc{Goodfellow:2014,
    title={Explaining and Harnessing Adversarial Examples},
    author={Ian J. Goodfellow and Jonathon Shlens and Christian Szegedy},
    year={2014},
    eprint={1412.6572},
    archivePrefix={arXiv},
    primaryClass={stat.ML}
}
